<record><leader>00000cas a22000007a 4500</leader><controlfield tag="001">22185867</controlfield><controlfield tag="008">900806d19231925nhuwr ne      0    0eng d</controlfield><datafield ind1=" " ind2=" " tag="010"><subfield code="a">sn 90062343 </subfield></datafield><datafield ind1=" " ind2=" " tag="040"><subfield code="a">NVH</subfield><subfield code="b">eng</subfield><subfield code="c">NVH</subfield><subfield code="d">OCLCQ</subfield></datafield><datafield ind1=" " ind2=" " tag="042"><subfield code="a">msc</subfield></datafield><datafield ind1="0" ind2="0" tag="245"><subfield code="a">Tuesday Argus.</subfield></datafield><datafield ind1=" " ind2=" " tag="260"><subfield code="a">Newport, N.H. :</subfield><subfield code="b">Samuel Edes</subfield></datafield><datafield ind1=" " ind2=" " tag="300"><subfield code="a">v.</subfield></datafield><datafield ind1=" " ind2=" " tag="310"><subfield code="a">Weekly</subfield></datafield><datafield ind1="0" ind2=" " tag="362"><subfield code="a">-v. 2, no. 45 (Nov. 3, 1925).</subfield></datafield><datafield ind1=" " ind2=" " tag="580"><subfield code="a">Other ed.: Argus and spectator.</subfield></datafield><datafield ind1=" " ind2=" " tag="588"><subfield code="a">Description based on: Vol. 1, no. 4 (Nov. 6, 1923).</subfield></datafield><datafield ind1=" " ind2=" " tag="752"><subfield code="a">United States</subfield><subfield code="b">New Hampshire</subfield><subfield code="c">Sullivan</subfield><subfield code="d">Newport.</subfield></datafield><datafield ind1="1" ind2=" " tag="775"><subfield code="t">Argus and spectator (Newport, N.H. : 1897)</subfield><subfield code="w">(DLC)sn 90062353</subfield></datafield><datafield ind1="1" ind2=" " tag="029"><subfield code="a">AU@</subfield><subfield code="b">000025858556</subfield></datafield></record>